<?xml version="1.0" encoding="UTF-8"?><collection xmlns="http://www.loc.gov/MARC21/slim"><record><leader>00513nam--2200193-u-4500</leader><controlfield tag="001">000053397</controlfield><controlfield tag="002">20161230</controlfield><controlfield tag="005">20170123165459</controlfield><controlfield tag="008">110324s1000------------r-----000-0-eng-d</controlfield><datafield ind1=" " ind2=" " tag="020"><subfield code="a">9812389342</subfield></datafield><datafield ind1=" " ind2=" " tag="040"><subfield code="a">IFIN-HH</subfield></datafield><datafield ind1=" " ind2=" " tag="080"><subfield code="a">530.12:530.145</subfield></datafield><datafield ind1="1" ind2=" " tag="100"><subfield code="a">Hooft, Gerardus `T</subfield></datafield><datafield ind1="1" ind2="0" tag="245"><subfield code="a">50 years of Yang-Mills theory</subfield><subfield code="c">Gerardus't Hooft (ed.)</subfield></datafield><datafield ind1=" " ind2=" " tag="260"><subfield code="a">New Jersey</subfield><subfield code="b">World Scientific</subfield><subfield code="c">2005</subfield></datafield><datafield ind1=" " ind2=" " tag="300"><subfield code="a">487 p</subfield></datafield><datafield ind1=" " ind2="4" tag="650"><subfield code="a">Quantum field theory</subfield></datafield><datafield ind1=" " ind2=" " tag="852"><subfield code="a">82200</subfield><subfield code="c">530.1</subfield></datafield><datafield ind1=" " ind2=" " tag="CAT"><subfield code="a">SYS</subfield><subfield code="c">20170123</subfield><subfield code="h">165459</subfield></datafield></record></collection>